%% This BibTeX bibliography file was created using BibDesk.
%% http://bibdesk.sourceforge.net/

%% Created for owner at 2017-04-20 07:35:59 +0100 


%% Saved with string encoding Unicode (UTF-8) 



@webpage{ref:password,
	Author = {Microsoft},
	Date-Added = {2017-04-20 06:34:42 +0000},
	Date-Modified = {2017-04-20 06:35:55 +0000},
	Title = {Password REquirements},
	Url = {https://msdn.microsoft.com/en-us/library/cc875839.aspx},
	Year = {2017}}

@webpage{key-aws,
	Author = {aws},
	Date-Added = {2017-04-20 06:21:29 +0000},
	Date-Modified = {2017-04-20 06:22:55 +0000},
	Title = {AWS},
	Url = {http://docs.aws.amazon.com/Route53/latest/DeveloperGuide/domain-configure-dnssec.html},
	Urldate = {2017},
	Year = {2017},
	Bdsk-Url-1 = {https://aws.amazon.com/}}

@webpage{ref:aws,
	Author = {Amazon Web Services},
	Date-Added = {2017-03-20 16:37:18 +0000},
	Date-Modified = {2017-04-20 06:30:38 +0000},
	Title = {Amazon Web Services},
	Url = {http://docs.aws.amazon.com/Route53/latest/DeveloperGuide/domain-configure-dnssec.html},
	Year = {2017},
	Bdsk-Url-1 = {https://aws.amazon.com/free/?sc_channel=PS&sc_campaign=acquisition_UK&sc_publisher=google&sc_medium=cloud_computing_hv_b&sc_content=aws_core_e&sc_detail=aws&sc_category=cloud_computing&sc_segment=72925427089&sc_matchtype=e&sc_country=UK&s_kwcid=AL!4422!3!72925427089!e!!g!!aws&ef_id=WC9bigAAAeNkNXPA:20170320163710:s}}
