%% This BibTeX bibliography file was created using BibDesk.
%% http://bibdesk.sourceforge.net/

%% Created for owner at 2017-05-01 01:32:36 +0100 


%% Saved with string encoding Unicode (UTF-8) 



@webpage{ref:homo,
	Date-Added = {2017-05-01 00:30:52 +0000},
	Date-Modified = {2017-05-01 00:31:27 +0000},
	Title = {Homography},
	Url = {http://docs.opencv.org/3.0-beta/doc/py_tutorials/py_feature2d/py_feature_homography/py_feature_homography.html},
	Year = {2017}}

@webpage{ref:pymatchr,
	Date-Added = {2017-05-01 00:29:29 +0000},
	Date-Modified = {2017-05-01 00:30:41 +0000},
	Keywords = {Feature Detection},
	Rss-Description = {
},
	Title = {Feature Detection},
	Url = {http://docs.opencv.org/3.0-beta/doc/py_tutorials/py_feature2d/py_matcher/py_matcher.html}}

@webpage{ref:pc,
	Date-Added = {2017-05-01 00:01:31 +0000},
	Date-Modified = {2017-05-01 00:05:18 +0000},
	Title = {Panorama Stitching with Python 3},
	Url = {http://www.pyimagesearch.com/2016/01/11/opencv-panorama-stitching/}}

@webpage{ref:fd,
	Author = {Face Detection},
	Date-Added = {2017-04-20 06:34:42 +0000},
	Date-Modified = {2017-05-01 00:12:37 +0000},
	Title = {Face Detection},
	Url = {http://docs.opencv.org/3.1.0/d7/d8b/tutorial_py_face_detection.html},
	Year = {2017},
	Bdsk-Url-1 = {https://msdn.microsoft.com/en-us/library/cc875839.aspx}}

@webpage{key-aws,
	Author = {aws},
	Date-Added = {2017-04-20 06:21:29 +0000},
	Date-Modified = {2017-04-20 06:22:55 +0000},
	Title = {AWS},
	Url = {http://docs.aws.amazon.com/Route53/latest/DeveloperGuide/domain-configure-dnssec.html},
	Urldate = {2017},
	Year = {2017},
	Bdsk-Url-1 = {https://aws.amazon.com/}}

@webpage{ref:pc1,
	Author = {Python Panorama Stitching},
	Date-Added = {2017-03-20 16:37:18 +0000},
	Date-Modified = {2017-05-01 00:09:39 +0000},
	Title = {Python Panorama Stitching},
	Url = {http://www.pyimagesearch.com/2016/01/11/opencv-panorama-stitching/},
	Year = {2017},
	Bdsk-Url-1 = {https://aws.amazon.com/free/?sc_channel=PS&sc_campaign=acquisition_UK&sc_publisher=google&sc_medium=cloud_computing_hv_b&sc_content=aws_core_e&sc_detail=aws&sc_category=cloud_computing&sc_segment=72925427089&sc_matchtype=e&sc_country=UK&s_kwcid=AL!4422!3!72925427089!e!!g!!aws&ef_id=WC9bigAAAeNkNXPA:20170320163710:s}}
