%% This BibTeX bibliography file was created using BibDesk.
%% http://bibdesk.sourceforge.net/

%% Created for owner at 2017-03-20 16:19:48 +0000 


%% Saved with string encoding Unicode (UTF-8) 



@url{ref:express,
	Author = {Express},
	Date-Added = {2017-03-20 16:19:16 +0000},
	Date-Modified = {2017-03-20 16:19:37 +0000},
	Read = {1},
	Title = {Express},
	Urldate = {https://expressjs.com/}}
